@article{10.1109/MIS.2008.50,
author = {Uldis Bojars and John G. Breslin and Vassilios Peristeras and Giovanni Tummarello and Stefan Decker},
title = {Interlinking the Social Web with Semantics},
journal ={IEEE Intelligent Systems},
volume = {23},
issn = {1541-1672},
year = {2008},
pages = {29-40},
doi = {http://doi.ieeecomputersociety.org/10.1109/MIS.2008.50},
publisher = {IEEE Computer Society},
address = {Los Alamitos, CA, USA},
}
